<?xml version="1.0" encoding="UTF-8"?><record xmlns="http://www.loc.gov/MARC21/slim" xmlns:cinclude="http://apache.org/cocoon/include/1.0" xmlns:zs="http://www.loc.gov/zing/srw/">
  <leader>00479nz  a2200121n  4500</leader>
  <controlfield tag="001">n  98108378 </controlfield>
  <controlfield tag="003">DLC</controlfield>
  <controlfield tag="005">19981208143828.7</controlfield>
  <controlfield tag="008">981208n| acannaab|          |n aaa |||  </controlfield>
  <datafield tag="010" ind1=" " ind2=" ">
    <subfield code="a">n  98108378 </subfield>
  </datafield>
  <datafield tag="040" ind1=" " ind2=" ">
    <subfield code="a">DLC</subfield>
    <subfield code="c">DLC</subfield>
  </datafield>
  <datafield tag="100" ind1="1" ind2="0">
    <subfield code="a">Everett, William M.</subfield>
  </datafield>
  <datafield tag="670" ind1=" " ind2=" ">
    <subfield code="a">NUCMC data from East Texas Research Center (Nacogdoches, Tex.) for Waterhouse murder trial records, 1865</subfield>
    <subfield code="b">(Everett, William M.; convicted of the robbery and murder of Col. Richard Waterhouse in San Augustine, Tex., in 1864)</subfield>
  </datafield>
</record>